<?xml version="1.0" encoding="UTF-8"?>
<collection
  xmlns:xsi="http://www.w3.org/2001/XMLSchema-instance"
  xsi:schemaLocation="http://www.loc.gov/MARC21/slim http://www.loc.gov/standards/marcxml/schema/MARC21slim.xsd"
  xmlns="http://www.loc.gov/MARC21/slim">
<!--180-->
<record>
  <leader>00670nam a2200181   4500</leader>
  <controlfield tag="001">BIBLIOPAC-010114</controlfield>
  <controlfield tag="005">20161123142820.0</controlfield>
  <controlfield tag="008">140121s1992    bl     f     0000 0 eng  </controlfield>
  <datafield tag="082" ind1="1" ind2=" ">
    <subfield code="a">001.64404</subfield>
  </datafield>
  <datafield tag="090" ind1=" " ind2=" ">
    <subfield code="a">001.66404</subfield>
    <subfield code="b">N374</subfield>
  </datafield>
  <datafield tag="245" ind1="1" ind2="0">
    <subfield code="a">Needs and specifications for biodiversity information network :  </subfield>
    <subfield code="c">Editores V. Canhos... [et. al.].</subfield>
    <subfield code="b">proceedings of an International Workshop held at the Tropical Database, Campinas, Brazil, 26-31 july 1992 / </subfield>
  </datafield>
  <datafield tag="260" ind1=" " ind2=" ">
    <subfield code="a">Nairobi : </subfield>
    <subfield code="b">[s.n.], </subfield>
    <subfield code="c">1992.</subfield>
  </datafield>
  <datafield tag="300" ind1=" " ind2=" ">
    <subfield code="a">265 p.</subfield>
  </datafield>
  <datafield tag="500" ind1=" " ind2=" ">
    <subfield code="a">United Nations Environment programme.</subfield>
  </datafield>
  <datafield tag="650" ind1=" " ind2="4">
    <subfield code="a">Rede de Informação</subfield>
    <subfield code="x">Biodiversidade.</subfield>
  </datafield>
  <datafield tag="700" ind1="1" ind2=" ">
    <subfield code="a">Canhos, V.</subfield>
  </datafield>
  <datafield tag="942" ind1=" " ind2=" ">
    <subfield code="c">L</subfield>
  </datafield>
  <datafield tag="999" ind1=" " ind2=" ">
    <subfield code="c">16824</subfield>
    <subfield code="d">16824</subfield>
  </datafield>
  <datafield tag="952" ind1=" " ind2=" ">
    <subfield code="0">0</subfield>
    <subfield code="1">0</subfield>
    <subfield code="4">0</subfield>
    <subfield code="6">001_664040000000000</subfield>
    <subfield code="7">0</subfield>
    <subfield code="8">G</subfield>
    <subfield code="9">22929</subfield>
    <subfield code="a">sdin</subfield>
    <subfield code="b">sdin</subfield>
    <subfield code="d">2016-11-23</subfield>
    <subfield code="l">0</subfield>
    <subfield code="o">001.66404</subfield>
    <subfield code="p">98-0483</subfield>
    <subfield code="r">2016-11-23</subfield>
    <subfield code="w">2016-11-23</subfield>
    <subfield code="y">L</subfield>
  </datafield>
</record>