
<!--182-->
<record>
  <leader>00808nam a2200241   4500</leader>
  <controlfield tag="001">BIBLIOPAC-010366</controlfield>
  <controlfield tag="005">20161123142853.0</controlfield>
  <controlfield tag="008">161121 1s1994    bl     f      000 0 por d</controlfield>
  <datafield tag="022" ind1=" " ind2=" ">
    <subfield code="a">0102-2539</subfield>
  </datafield>
  <datafield tag="082" ind1="1" ind2=" ">
    <subfield code="a">002</subfield>
  </datafield>
  <datafield tag="090" ind1=" " ind2=" ">
    <subfield code="a">002</subfield>
    <subfield code="b">R987n</subfield>
  </datafield>
  <datafield tag="100" ind1="1" ind2=" ">
    <subfield code="a">Ruzza, Regina Célia Pisanelli de</subfield>
  </datafield>
  <datafield tag="200" ind1=" " ind2=" ">
    <subfield code="a">História do existencialismo e da fenomenologia</subfield>
  </datafield>
  <datafield tag="210" ind1=" " ind2=" ">
    <subfield code="a">São Paulo</subfield>
    <subfield code="c">EPU/Ed. USP</subfield>
    <subfield code="d">1975</subfield>
  </datafield>
  <datafield tag="215" ind1=" " ind2=" ">
    <subfield code="a">2v</subfield>
  </datafield>
  <datafield tag="245" ind1="1" ind2="0">
    <subfield code="a">Normas para publicação de trabalhos técnicos-científicos do CPPSE:  </subfield>
    <subfield code="b">orientação ao pesquisador / </subfield>
    <subfield code="c">Regina Célia Pisanelli de Ruzza, Sonia Borges de Alencar.</subfield>
  </datafield>
  <datafield tag="260" ind1=" " ind2=" ">
    <subfield code="a">São Carlos : </subfield>
    <subfield code="b">EMBRAPA, </subfield>
    <subfield code="c">1994.</subfield>
  </datafield>
  <datafield tag="300" ind1=" " ind2=" ">
    <subfield code="a">91p. : </subfield>
    <subfield code="b">il.</subfield>
  </datafield>
  <datafield tag="650" ind1=" " ind2="4">
    <subfield code="a">Publicação e Norma</subfield>
    <subfield code="x">EMBRAPA.</subfield>
  </datafield>
  <datafield tag="676" ind1=" " ind2=" ">
    <subfield code="a">142.7</subfield>
  </datafield>
  <datafield tag="700" ind1="1" ind2=" ">
    <subfield code="a">Alencar, Sonia Borges de.</subfield>
  </datafield>
  <datafield tag="942" ind1=" " ind2=" ">
    <subfield code="c">L</subfield>
  </datafield>
  <datafield tag="999" ind1=" " ind2=" ">
    <subfield code="c">17076</subfield>
    <subfield code="d">17076</subfield>
  </datafield>
  <datafield tag="952" ind1=" " ind2=" ">
    <subfield code="0">0</subfield>
    <subfield code="1">0</subfield>
    <subfield code="4">0</subfield>
    <subfield code="6">002_000000000000000_R987N</subfield>
    <subfield code="7">1</subfield>
    <subfield code="8">G</subfield>
    <subfield code="9">23219</subfield>
    <subfield code="a">sdin</subfield>
    <subfield code="b">sdin</subfield>
    <subfield code="d">2016-11-23</subfield>
    <subfield code="l">0</subfield>
    <subfield code="o">002 R987n</subfield>
    <subfield code="p">95-0993</subfield>
    <subfield code="r">2016-11-23</subfield>
    <subfield code="w">2016-11-23</subfield>
    <subfield code="y">L</subfield>
  </datafield>
</record>