
<!--183-->
<record>
  <leader>01027nam a2200277   4500</leader>
  <controlfield tag="001">BIBLIOPAC-010297</controlfield>
  <controlfield tag="003">Br</controlfield>
  <controlfield tag="005">20161123142841.0</controlfield>
  <controlfield tag="008">140326s20141993bsp           001 0 por u</controlfield>
  <datafield tag="020" ind1=" " ind2=" ">
    <subfield code="a">85-346-0030-9</subfield>
  </datafield>
  <datafield tag="082" ind1="1" ind2=" ">
    <subfield code="a">003.30287</subfield>
  </datafield>
  <datafield tag="090" ind1=" " ind2=" ">
    <subfield code="a">003.30287</subfield>
    <subfield code="b">F853m</subfield>
  </datafield>
  <datafield tag="092" ind1=" " ind2=" ">
    <subfield code="a">VI-7,4,26</subfield>
  </datafield>
  <datafield tag="100" ind1="1" ind2=" ">
    <subfield code="a">Freedman, Daniel P.,</subfield>
  </datafield>
  <datafield tag="243" ind1="0" ind2="0">
    <subfield code="a">Handbook of walkthroughs.</subfield>
    <subfield code="l">Portugues</subfield>
  </datafield>
  <datafield tag="245" ind1="1" ind2="0">
    <subfield code="a">Manual de walkthroughs : </subfield>
    <subfield code="b">inspeções e revisões técnicas de especificações de sistemas e programas /   </subfield>
    <subfield code="c">Daniel P. Freedman, Gerald M. Weinberg ; tradução Reinaldo Castello.</subfield>
  </datafield>
  <datafield tag="260" ind1=" " ind2=" ">
    <subfield code="a">São Paulo : </subfield>
    <subfield code="b">Makron Books, </subfield>
    <subfield code="c">1993.</subfield>
  </datafield>
  <datafield tag="300" ind1=" " ind2=" ">
    <subfield code="a">ix, 398p. : </subfield>
    <subfield code="b">il.</subfield>
  </datafield>
  <datafield tag="500" ind1=" " ind2=" ">
    <subfield code="a">Tradução de: Handbook of walkthroughs, inspections, and technical reviews : evaluating programs, projects, and products.</subfield>
  </datafield>
  <datafield tag="595" ind1=" " ind2=" ">
    <subfield code="a">BNB</subfield>
    <subfield code="c">93/03</subfield>
  </datafield>
  <datafield tag="650" ind1=" " ind2=" ">
    <subfield code="a">Processamento eletrônico de dados</subfield>
    <subfield code="x">Avaliação.</subfield>
  </datafield>
  <datafield tag="700" ind1="1" ind2=" ">
    <subfield code="a">Weinberg, Gerald M.</subfield>
  </datafield>
  <datafield tag="700" ind1="1" ind2=" ">
    <subfield code="a">Castello, Reinaldo, trad.</subfield>
  </datafield>
  <datafield tag="852" ind1=" " ind2=" ">
    <subfield code="a">Obras Gerais</subfield>
  </datafield>
  <datafield tag="942" ind1=" " ind2=" ">
    <subfield code="c">L</subfield>
  </datafield>
  <datafield tag="999" ind1=" " ind2=" ">
    <subfield code="c">17007</subfield>
    <subfield code="d">17007</subfield>
  </datafield>
  <datafield tag="952" ind1=" " ind2=" ">
    <subfield code="0">0</subfield>
    <subfield code="1">0</subfield>
    <subfield code="4">0</subfield>
    <subfield code="6">003_302870000000000_F853M</subfield>
    <subfield code="7">1</subfield>
    <subfield code="8">G</subfield>
    <subfield code="9">23131</subfield>
    <subfield code="a">sdin</subfield>
    <subfield code="b">sdin</subfield>
    <subfield code="d">2016-11-23</subfield>
    <subfield code="l">0</subfield>
    <subfield code="o">003.30287 F853m</subfield>
    <subfield code="p">93-0969</subfield>
    <subfield code="r">2016-11-23</subfield>
    <subfield code="w">2016-11-23</subfield>
    <subfield code="y">L</subfield>
  </datafield>
</record>