
<!--185-->
<record>
  <leader>00585nam a22001811a 4500</leader>
  <controlfield tag="003">BR-MnINPA</controlfield>
  <controlfield tag="005">20161130164551.0</controlfield>
  <controlfield tag="008">160321s1998    bl |||||||||||||| ||por d</controlfield>
  <datafield tag="082" ind1=" " ind2=" ">
    <subfield code="2">19</subfield>
    <subfield code="a">005.3</subfield>
  </datafield>
  <datafield tag="090" ind1=" " ind2=" ">
    <subfield code="a">005.3</subfield>
    <subfield code="b">B615</subfield>
  </datafield>
  <datafield tag="100" ind1=" " ind2=" ">
    <subfield code="a">Ayres, Manuel</subfield>
  </datafield>
  <datafield tag="245" ind1=" " ind2=" ">
    <subfield code="a">Bioestat:</subfield>
    <subfield code="b">aplicações estatísticas nas áreas das ciências biológicas e médicas/</subfield>
    <subfield code="c">Manuel Ayres, Manuel Ayres Jr.</subfield>
  </datafield>
  <datafield tag="260" ind1=" " ind2=" ">
    <subfield code="a">Manaus:</subfield>
    <subfield code="b">Sociedade Civil Mamirauá,</subfield>
    <subfield code="c">1998.</subfield>
  </datafield>
  <datafield tag="300" ind1=" " ind2=" ">
    <subfield code="a">viii, 193 p.</subfield>
    <subfield code="b">il.: + 1 CD-ROM</subfield>
  </datafield>
  <datafield tag="650" ind1=" " ind2="0">
    <subfield code="a">Programa de computador</subfield>
    <subfield code="x">Biometria</subfield>
  </datafield>
  <datafield tag="700" ind1=" " ind2=" ">
    <subfield code="a">Ayres Jr., Manuel</subfield>
  </datafield>
  <datafield tag="942" ind1=" " ind2=" ">
    <subfield code="c">L</subfield>
  </datafield>
  <datafield tag="999" ind1=" " ind2=" ">
    <subfield code="c">17974</subfield>
    <subfield code="d">17974</subfield>
  </datafield>
  <datafield tag="952" ind1=" " ind2=" ">
    <subfield code="0">0</subfield>
    <subfield code="1">0</subfield>
    <subfield code="2">ddc</subfield>
    <subfield code="4">0</subfield>
    <subfield code="6">005_300000000000000_B615</subfield>
    <subfield code="7">0</subfield>
    <subfield code="8">G</subfield>
    <subfield code="9">24261</subfield>
    <subfield code="a">sdin</subfield>
    <subfield code="b">sdin</subfield>
    <subfield code="d">2016-11-30</subfield>
    <subfield code="l">0</subfield>
    <subfield code="o">005.3 B615</subfield>
    <subfield code="p">2016-0563</subfield>
    <subfield code="r">2016-11-30</subfield>
    <subfield code="w">2016-11-30</subfield>
    <subfield code="y">L</subfield>
  </datafield>
</record>