
<!--186-->
<record>
  <leader>00451nam a22001691a 4500</leader>
  <datafield tag="999" ind1=" " ind2=" ">
    <subfield code="c">31272</subfield>
    <subfield code="d">31272</subfield>
  </datafield>
  <controlfield tag="003">BR-MnINPA</controlfield>
  <controlfield tag="005">20191113160712.0</controlfield>
  <controlfield tag="008">160321|        bl |||||||||||||| ||por d</controlfield>
  <datafield tag="082" ind1=" " ind2=" ">
    <subfield code="2">22</subfield>
    <subfield code="a">006.1</subfield>
  </datafield>
  <datafield tag="090" ind1=" " ind2=" ">
    <subfield code="a">006.1</subfield>
    <subfield code="b">B539a</subfield>
  </datafield>
  <datafield tag="100" ind1=" " ind2=" ">
    <subfield code="9">6523</subfield>
    <subfield code="a">Berthet, Charles</subfield>
  </datafield>
  <datafield tag="245" ind1=" " ind2=" ">
    <subfield code="a">Aide-mémoire d'informatique / </subfield>
    <subfield code="c">charles Berthet.</subfield>
  </datafield>
  <datafield tag="250" ind1=" " ind2=" ">
    <subfield code="a">4 ed.</subfield>
  </datafield>
  <datafield tag="260" ind1=" " ind2=" ">
    <subfield code="a">Paris:</subfield>
    <subfield code="b">Dunod Informatique, </subfield>
    <subfield code="c">1982.</subfield>
  </datafield>
  <datafield tag="300" ind1=" " ind2=" ">
    <subfield code="a">283 f.:</subfield>
    <subfield code="b">ilust., color.</subfield>
  </datafield>
  <datafield tag="942" ind1=" " ind2=" ">
    <subfield code="c">L</subfield>
  </datafield>
  <datafield tag="952" ind1=" " ind2=" ">
    <subfield code="0">0</subfield>
    <subfield code="1">0</subfield>
    <subfield code="2">ddc</subfield>
    <subfield code="4">0</subfield>
    <subfield code="6">006_100000000000000_B539A</subfield>
    <subfield code="7">0</subfield>
    <subfield code="8">G</subfield>
    <subfield code="9">40138</subfield>
    <subfield code="a">sdin</subfield>
    <subfield code="b">sdin</subfield>
    <subfield code="d">2019-11-13</subfield>
    <subfield code="l">0</subfield>
    <subfield code="o">006.1 B539a</subfield>
    <subfield code="p">2019-0395</subfield>
    <subfield code="r">2019-11-13</subfield>
    <subfield code="w">2019-11-13</subfield>
    <subfield code="y">L</subfield>
  </datafield>
</record>