
<!--188-->
<record>
  <leader>00623nam a2200181   4500</leader>
  <controlfield tag="001">BIBLIOPAC-010354</controlfield>
  <controlfield tag="005">20161123142850.0</controlfield>
  <controlfield tag="008">140403s        bl     f     0000 0 por  </controlfield>
  <datafield tag="082" ind1="1" ind2=" ">
    <subfield code="a">011.44</subfield>
  </datafield>
  <datafield tag="090" ind1=" " ind2=" ">
    <subfield code="a">011.44</subfield>
    <subfield code="b">B823c</subfield>
  </datafield>
  <datafield tag="110" ind1="2" ind2=" ">
    <subfield code="a">Brasil. </subfield>
    <subfield code="b">Ministério da Justiça</subfield>
  </datafield>
  <datafield tag="245" ind1="1" ind2="0">
    <subfield code="a">Coleção Affonso Penna Junior : </subfield>
    <subfield code="b">exposição livros raros e valiosos do Ministério da Justiça / </subfield>
    <subfield code="c">Ministério da Justiça</subfield>
  </datafield>
  <datafield tag="260" ind1=" " ind2=" ">
    <subfield code="a">Brasília : </subfield>
    <subfield code="b">[s.n.], </subfield>
    <subfield code="c">[s.n.].</subfield>
  </datafield>
  <datafield tag="300" ind1=" " ind2=" ">
    <subfield code="a"> 1 v. : </subfield>
    <subfield code="b">il. color.</subfield>
  </datafield>
  <datafield tag="650" ind1=" " ind2="4">
    <subfield code="a">Livros raros</subfield>
    <subfield code="x">Biblioteca do Minitério da Justiça.</subfield>
  </datafield>
  <datafield tag="710" ind1="2" ind2=" ">
    <subfield code="a">Ministério da Justiça.</subfield>
  </datafield>
  <datafield tag="942" ind1=" " ind2=" ">
    <subfield code="c">L</subfield>
  </datafield>
  <datafield tag="999" ind1=" " ind2=" ">
    <subfield code="c">17064</subfield>
    <subfield code="d">17064</subfield>
  </datafield>
  <datafield tag="952" ind1=" " ind2=" ">
    <subfield code="0">0</subfield>
    <subfield code="1">0</subfield>
    <subfield code="4">0</subfield>
    <subfield code="6">011_440000000000000_B823C</subfield>
    <subfield code="7">0</subfield>
    <subfield code="8">G</subfield>
    <subfield code="9">23197</subfield>
    <subfield code="a">sdin</subfield>
    <subfield code="b">sdin</subfield>
    <subfield code="d">2016-11-23</subfield>
    <subfield code="l">0</subfield>
    <subfield code="o">011.44 B823c</subfield>
    <subfield code="p">14-0299</subfield>
    <subfield code="r">2016-11-23</subfield>
    <subfield code="w">2016-11-23</subfield>
    <subfield code="y">L</subfield>
  </datafield>
</record>