
<!--189-->
<record>
  <leader>00497nam a22001691a 4500</leader>
  <datafield tag="999" ind1=" " ind2=" ">
    <subfield code="c">30372</subfield>
    <subfield code="d">30372</subfield>
  </datafield>
  <controlfield tag="003">BR-MnINPA</controlfield>
  <controlfield tag="005">20190211162301.0</controlfield>
  <controlfield tag="008">160321s1977    bl |||||||||||||| ||por d</controlfield>
  <datafield tag="082" ind1=" " ind2=" ">
    <subfield code="2">19</subfield>
    <subfield code="a">011.44</subfield>
  </datafield>
  <datafield tag="090" ind1=" " ind2=" ">
    <subfield code="a">AM 011.44</subfield>
    <subfield code="b">C972</subfield>
  </datafield>
  <datafield tag="100" ind1=" " ind2=" ">
    <subfield code="9">5792</subfield>
    <subfield code="a">Valdeia Cunha </subfield>
  </datafield>
  <datafield tag="245" ind1=" " ind2=" ">
    <subfield code="a">Catálogo de obras raras sobre a Amazônia (1800 - 1899) / </subfield>
    <subfield code="c">Valdea Cunha; Eloisa Costa . -</subfield>
  </datafield>
  <datafield tag="260" ind1=" " ind2=" ">
    <subfield code="a">Belém, Pará :</subfield>
    <subfield code="b">banco da Amazônia,</subfield>
    <subfield code="c">1977</subfield>
  </datafield>
  <datafield tag="300" ind1=" " ind2=" ">
    <subfield code="a">66p. </subfield>
  </datafield>
  <datafield tag="651" ind1=" " ind2="7">
    <subfield code="9">574</subfield>
    <subfield code="a">Amazônia</subfield>
  </datafield>
  <datafield tag="942" ind1=" " ind2=" ">
    <subfield code="c">L</subfield>
  </datafield>
  <datafield tag="952" ind1=" " ind2=" ">
    <subfield code="0">0</subfield>
    <subfield code="1">0</subfield>
    <subfield code="2">ddc</subfield>
    <subfield code="4">0</subfield>
    <subfield code="6">AM_011_440000000000000_C972</subfield>
    <subfield code="7">0</subfield>
    <subfield code="8">AM</subfield>
    <subfield code="9">38683</subfield>
    <subfield code="a">sdin</subfield>
    <subfield code="b">sdin</subfield>
    <subfield code="d">2018-08-20</subfield>
    <subfield code="l">0</subfield>
    <subfield code="o">AM 011.44 C972</subfield>
    <subfield code="p">02-0559</subfield>
    <subfield code="r">2018-08-20</subfield>
    <subfield code="w">2018-08-20</subfield>
    <subfield code="y">L</subfield>
  </datafield>
</record>