
<!--190-->
<record>
  <leader>00486nam a2200157   4500</leader>
  <controlfield tag="001">BIBLIOPAC-010388</controlfield>
  <controlfield tag="005">20161123142855.0</controlfield>
  <controlfield tag="008">140408s2007    bl a   f     0000 0 por  </controlfield>
  <datafield tag="082" ind1="1" ind2=" ">
    <subfield code="a">011.53</subfield>
  </datafield>
  <datafield tag="090" ind1=" " ind2=" ">
    <subfield code="a">011.53</subfield>
    <subfield code="b">B823</subfield>
  </datafield>
  <datafield tag="245" ind1="1" ind2="0">
    <subfield code="a">Catálogo de serviços : </subfield>
    <subfield code="b">2006 / 2007 / </subfield>
    <subfield code="c">Instituto Nacional de Tecnologia.</subfield>
  </datafield>
  <datafield tag="260" ind1=" " ind2=" ">
    <subfield code="a">Brasília : </subfield>
    <subfield code="b">[s.n.], </subfield>
    <subfield code="c">2007.</subfield>
  </datafield>
  <datafield tag="610" ind1="2" ind2="4">
    <subfield code="a">Instituto Nacional de Tecnologia.</subfield>
  </datafield>
  <datafield tag="650" ind1=" " ind2="4">
    <subfield code="a">Serviços</subfield>
    <subfield code="x">Instituto Nacional de Tecnologia.</subfield>
  </datafield>
  <datafield tag="942" ind1=" " ind2=" ">
    <subfield code="c">L</subfield>
  </datafield>
  <datafield tag="999" ind1=" " ind2=" ">
    <subfield code="c">17098</subfield>
    <subfield code="d">17098</subfield>
  </datafield>
  <datafield tag="952" ind1=" " ind2=" ">
    <subfield code="0">0</subfield>
    <subfield code="1">0</subfield>
    <subfield code="4">0</subfield>
    <subfield code="6">011_530000000000000_B823</subfield>
    <subfield code="7">0</subfield>
    <subfield code="8">G</subfield>
    <subfield code="9">23240</subfield>
    <subfield code="a">sdin</subfield>
    <subfield code="b">sdin</subfield>
    <subfield code="d">2016-11-23</subfield>
    <subfield code="l">0</subfield>
    <subfield code="o">011.53 B823</subfield>
    <subfield code="p">14-0307</subfield>
    <subfield code="r">2016-11-23</subfield>
    <subfield code="w">2016-11-23</subfield>
    <subfield code="y">L</subfield>
  </datafield>
</record>