
<!--192-->
<record>
  <leader>00587nam a2200169   4500</leader>
  <controlfield tag="001">BIBLIOPAC-010389</controlfield>
  <controlfield tag="005">20161123142855.0</controlfield>
  <controlfield tag="008">140408s2004    bl     f     0000 0 por  </controlfield>
  <datafield tag="082" ind1="1" ind2=" ">
    <subfield code="a">011.54</subfield>
  </datafield>
  <datafield tag="090" ind1=" " ind2=" ">
    <subfield code="a">011.54</subfield>
    <subfield code="b">E24</subfield>
  </datafield>
  <datafield tag="111" ind1="2" ind2=" ">
    <subfield code="a">Reunião Regional da SPBC no Amazonas</subfield>
    <subfield code="n">(1, </subfield>
    <subfield code="d">22 a 25 de setembro de 2004, </subfield>
    <subfield code="c">Manaus.)</subfield>
  </datafield>
  <datafield tag="245" ind1="1" ind2="0">
    <subfield code="a">Educação, ciência e tecnologia : </subfield>
    <subfield code="b">transformando o desenvolvimento da Amazônia / </subfield>
    <subfield code="c">Reunião Regional da SPBC no Amazonas.</subfield>
  </datafield>
  <datafield tag="260" ind1=" " ind2=" ">
    <subfield code="a">Manaus : </subfield>
    <subfield code="b">[s.n.], </subfield>
    <subfield code="c">2004.</subfield>
  </datafield>
  <datafield tag="650" ind1=" " ind2="4">
    <subfield code="a">Desenvolvimento</subfield>
    <subfield code="z">Amazônia.</subfield>
  </datafield>
  <datafield tag="710" ind1="2" ind2=" ">
    <subfield code="a">SPBC.</subfield>
  </datafield>
  <datafield tag="942" ind1=" " ind2=" ">
    <subfield code="c">L</subfield>
  </datafield>
  <datafield tag="999" ind1=" " ind2=" ">
    <subfield code="c">17099</subfield>
    <subfield code="d">17099</subfield>
  </datafield>
  <datafield tag="952" ind1=" " ind2=" ">
    <subfield code="0">0</subfield>
    <subfield code="1">0</subfield>
    <subfield code="2">ddc</subfield>
    <subfield code="4">0</subfield>
    <subfield code="6">AM_011_540000000000000_E24</subfield>
    <subfield code="7">0</subfield>
    <subfield code="8">AM</subfield>
    <subfield code="9">23241</subfield>
    <subfield code="a">sdin</subfield>
    <subfield code="b">sdin</subfield>
    <subfield code="d">2016-11-23</subfield>
    <subfield code="l">0</subfield>
    <subfield code="o">AM 011.54 E24</subfield>
    <subfield code="p">14-0308</subfield>
    <subfield code="r">2016-11-23</subfield>
    <subfield code="w">2016-11-23</subfield>
    <subfield code="y">L</subfield>
  </datafield>
</record>