
<!--193-->
<record>
  <leader>00847nam a2200205   4500</leader>
  <controlfield tag="001">BIBLIOPAC-001012</controlfield>
  <controlfield tag="008">030701s1991           f      000 0 eng  </controlfield>
  <datafield tag="020" ind1=" " ind2=" ">
    <subfield code="a">0917617266</subfield>
  </datafield>
  <datafield tag="082" ind1="1" ind2=" ">
    <subfield code="a">015.811</subfield>
  </datafield>
  <datafield tag="090" ind1=" " ind2=" ">
    <subfield code="a">015.811</subfield>
    <subfield code="b">M977b</subfield>
  </datafield>
  <datafield tag="100" ind1="1" ind2=" ">
    <subfield code="a">Muricy, Carmen M.</subfield>
  </datafield>
  <datafield tag="245" ind1="1" ind2="3">
    <subfield code="a">The Brazilian Amazon : </subfield>
    <subfield code="b">institutions and publications / </subfield>
    <subfield code="c">Carmen M. Muricy.</subfield>
  </datafield>
  <datafield tag="260" ind1=" " ind2=" ">
    <subfield code="a">Albuquerque, New Mexico, USA : </subfield>
    <subfield code="b">SALALM Secretariat, General Library, University of New Mexico</subfield>
    <subfield code="c">[1991?].</subfield>
  </datafield>
  <datafield tag="300" ind1=" " ind2=" ">
    <subfield code="a">50 p.</subfield>
  </datafield>
  <datafield tag="490" ind1="0" ind2=" ">
    <subfield code="a">Bibliography and reference series / Seminar on the Acquisition of Latin American Library Materials, Inc. ; </subfield>
    <subfield code="v">28</subfield>
  </datafield>
  <datafield tag="490" ind1="1" ind2=" ">
    <subfield code="a">Seminar on the Acquisition of Latin American Library Materials bibliography and reference series ; </subfield>
    <subfield code="v">28</subfield>
  </datafield>
  <datafield tag="500" ind1=" " ind2=" ">
    <subfield code="a">Inclui índices.</subfield>
  </datafield>
  <datafield tag="650" ind1=" " ind2="0">
    <subfield code="a">Editores e edição</subfield>
    <subfield code="z">Amazônia</subfield>
    <subfield code="v">Diretórios.</subfield>
  </datafield>
  <datafield tag="942" ind1=" " ind2=" ">
    <subfield code="c">L</subfield>
  </datafield>
  <datafield tag="999" ind1=" " ind2=" ">
    <subfield code="c">7835</subfield>
    <subfield code="d">7835</subfield>
  </datafield>
  <datafield tag="952" ind1=" " ind2=" ">
    <subfield code="0">0</subfield>
    <subfield code="1">0</subfield>
    <subfield code="2">ddc</subfield>
    <subfield code="4">0</subfield>
    <subfield code="6">AM_015_811000000000000_M977B</subfield>
    <subfield code="7">0</subfield>
    <subfield code="8">AM</subfield>
    <subfield code="9">9947</subfield>
    <subfield code="a">sdin</subfield>
    <subfield code="b">sdin</subfield>
    <subfield code="d">2016-11-23</subfield>
    <subfield code="l">0</subfield>
    <subfield code="o">AM 015.811 M977b</subfield>
    <subfield code="p">02-0558</subfield>
    <subfield code="r">2016-11-23</subfield>
    <subfield code="w">2016-11-23</subfield>
    <subfield code="y">L</subfield>
  </datafield>
</record>