
<!--195-->
<record>
  <leader>00791nam a2200253   4500</leader>
  <controlfield tag="001">BIBLIOPAC-010093</controlfield>
  <controlfield tag="005">20161123142817.0</controlfield>
  <controlfield tag="008">140115s        bl     f     0000 0 por  </controlfield>
  <datafield tag="022" ind1=" " ind2=" ">
    <subfield code="a">1519.2059</subfield>
  </datafield>
  <datafield tag="082" ind1="1" ind2=" ">
    <subfield code="a">016.02</subfield>
  </datafield>
  <datafield tag="090" ind1=" " ind2=" ">
    <subfield code="a">016.02</subfield>
    <subfield code="b">C357</subfield>
  </datafield>
  <datafield tag="245" ind1="1" ind2="0">
    <subfield code="a">Catálogo de dissertação e teses dos técnicos do incaper / </subfield>
    <subfield code="c">Organizadores Liliâm Maria ventorim Ferrão, José Aires Ventura, Laudeci Maria Maia Bravin.</subfield>
  </datafield>
  <datafield tag="260" ind1=" " ind2=" ">
    <subfield code="a">Vitória : </subfield>
    <subfield code="b">Incaper, </subfield>
    <subfield code="c">2013.</subfield>
  </datafield>
  <datafield tag="300" ind1=" " ind2=" ">
    <subfield code="a">260 p.</subfield>
  </datafield>
  <datafield tag="490" ind1="0" ind2=" ">
    <subfield code="a">Documento, </subfield>
    <subfield code="v">214.</subfield>
  </datafield>
  <datafield tag="650" ind1=" " ind2="4">
    <subfield code="a">Dissertação</subfield>
    <subfield code="x">catálogo</subfield>
  </datafield>
  <datafield tag="650" ind1=" " ind2=" ">
    <subfield code="x">Incaper,</subfield>
  </datafield>
  <datafield tag="650" ind1=" " ind2="4">
    <subfield code="a">Tese</subfield>
    <subfield code="x">catálogo</subfield>
  </datafield>
  <datafield tag="650" ind1=" " ind2=" ">
    <subfield code="x">Incaper.</subfield>
  </datafield>
  <datafield tag="700" ind1="1" ind2=" ">
    <subfield code="a">Ferrão, Liliâm Maria Ventorim</subfield>
  </datafield>
  <datafield tag="700" ind1="1" ind2=" ">
    <subfield code="a">Ventura, José Aires</subfield>
  </datafield>
  <datafield tag="700" ind1="1" ind2=" ">
    <subfield code="a">Bravin, Laudeci Maria Maia.</subfield>
  </datafield>
  <datafield tag="942" ind1=" " ind2=" ">
    <subfield code="c">L</subfield>
  </datafield>
  <datafield tag="999" ind1=" " ind2=" ">
    <subfield code="c">16803</subfield>
    <subfield code="d">16803</subfield>
  </datafield>
  <datafield tag="952" ind1=" " ind2=" ">
    <subfield code="0">0</subfield>
    <subfield code="1">0</subfield>
    <subfield code="2">ddc</subfield>
    <subfield code="4">0</subfield>
    <subfield code="6">016_020000000000000_C357</subfield>
    <subfield code="7">0</subfield>
    <subfield code="8">G</subfield>
    <subfield code="9">22898</subfield>
    <subfield code="a">sdin</subfield>
    <subfield code="b">sdin</subfield>
    <subfield code="d">2016-11-23</subfield>
    <subfield code="l">0</subfield>
    <subfield code="o">016.02 C357</subfield>
    <subfield code="p">14-0149</subfield>
    <subfield code="r">2016-11-23</subfield>
    <subfield code="w">2016-11-23</subfield>
    <subfield code="y">L</subfield>
  </datafield>
</record>