
<!--198-->
<record>
  <leader>00644nam a2200169   4500</leader>
  <controlfield tag="001">BIBLIOPAC-000983</controlfield>
  <controlfield tag="008">030701s1994    bl     f      000 0 por  </controlfield>
  <datafield tag="082" ind1="1" ind2=" ">
    <subfield code="a">016.02</subfield>
  </datafield>
  <datafield tag="090" ind1=" " ind2=" ">
    <subfield code="a">016.02</subfield>
    <subfield code="b">U58c</subfield>
  </datafield>
  <datafield tag="110" ind1="2" ind2=" ">
    <subfield code="a">Universidade do Amazonas. </subfield>
    <subfield code="b">Biblioteca Central. </subfield>
  </datafield>
  <datafield tag="110" ind1=" " ind2=" ">
    <subfield code="b">Divisão de Documentação</subfield>
  </datafield>
  <datafield tag="245" ind1="1" ind2="0">
    <subfield code="a">Catálogo de teses e dissertações da Universidade do Amazonas (1989 - 1993) / </subfield>
    <subfield code="c">compilado e organizado [por] Vera Maria de Aguiar Carvalho, Lilia Maria Bita Neves, Terezinha Lucas da Silva.</subfield>
  </datafield>
  <datafield tag="260" ind1=" " ind2=" ">
    <subfield code="a">Manaus : </subfield>
    <subfield code="b">UA, </subfield>
    <subfield code="c">1994.</subfield>
  </datafield>
  <datafield tag="300" ind1=" " ind2=" ">
    <subfield code="a">200 p.</subfield>
  </datafield>
  <datafield tag="610" ind1="2" ind2="4">
    <subfield code="a">Universidade do Amazonas</subfield>
    <subfield code="x">Teses</subfield>
    <subfield code="v">Catálogos.</subfield>
  </datafield>
  <datafield tag="942" ind1=" " ind2=" ">
    <subfield code="c">L</subfield>
  </datafield>
  <datafield tag="999" ind1=" " ind2=" ">
    <subfield code="c">7806</subfield>
    <subfield code="d">7806</subfield>
  </datafield>
  <datafield tag="952" ind1=" " ind2=" ">
    <subfield code="0">0</subfield>
    <subfield code="1">0</subfield>
    <subfield code="4">0</subfield>
    <subfield code="6">AM_016_020000000000000_U58C</subfield>
    <subfield code="7">0</subfield>
    <subfield code="8">AM</subfield>
    <subfield code="9">9887</subfield>
    <subfield code="a">sdin</subfield>
    <subfield code="b">sdin</subfield>
    <subfield code="d">2016-11-23</subfield>
    <subfield code="l">0</subfield>
    <subfield code="o">AM 016.02 U58c</subfield>
    <subfield code="p">02-0534</subfield>
    <subfield code="r">2016-11-23</subfield>
    <subfield code="w">2016-11-23</subfield>
    <subfield code="y">L</subfield>
  </datafield>
  <datafield tag="952" ind1=" " ind2=" ">
    <subfield code="0">0</subfield>
    <subfield code="1">0</subfield>
    <subfield code="2">ddc</subfield>
    <subfield code="4">0</subfield>
    <subfield code="6">AM_016_020000000000000_U58C</subfield>
    <subfield code="7">0</subfield>
    <subfield code="8">AM</subfield>
    <subfield code="9">9889</subfield>
    <subfield code="a">sdin</subfield>
    <subfield code="b">sdin</subfield>
    <subfield code="d">2016-11-23</subfield>
    <subfield code="h">ex.3</subfield>
    <subfield code="l">0</subfield>
    <subfield code="o">AM 016.02 U58c</subfield>
    <subfield code="p">02-0536</subfield>
    <subfield code="r">2016-11-23</subfield>
    <subfield code="w">2016-11-23</subfield>
    <subfield code="y">L</subfield>
  </datafield>
  <datafield tag="952" ind1=" " ind2=" ">
    <subfield code="0">0</subfield>
    <subfield code="1">0</subfield>
    <subfield code="2">ddc</subfield>
    <subfield code="4">0</subfield>
    <subfield code="6">AM_016_020000000000000_U58C</subfield>
    <subfield code="7">0</subfield>
    <subfield code="8">AM</subfield>
    <subfield code="9">38998</subfield>
    <subfield code="a">sdin</subfield>
    <subfield code="b">sdin</subfield>
    <subfield code="d">2018-09-21</subfield>
    <subfield code="l">0</subfield>
    <subfield code="o">AM 016.02 U58c</subfield>
    <subfield code="p">02-0535</subfield>
    <subfield code="r">2018-09-21</subfield>
    <subfield code="w">2018-09-21</subfield>
    <subfield code="y">L</subfield>
  </datafield>
  <datafield tag="952" ind1=" " ind2=" ">
    <subfield code="0">0</subfield>
    <subfield code="1">0</subfield>
    <subfield code="2">ddc</subfield>
    <subfield code="4">0</subfield>
    <subfield code="6">AM_016_020000000000000_U58C</subfield>
    <subfield code="7">0</subfield>
    <subfield code="8">AM</subfield>
    <subfield code="9">38999</subfield>
    <subfield code="a">sdin</subfield>
    <subfield code="b">sdin</subfield>
    <subfield code="d">2018-09-21</subfield>
    <subfield code="l">0</subfield>
    <subfield code="o">AM 016.02 U58c</subfield>
    <subfield code="p">02-0538</subfield>
    <subfield code="r">2018-09-21</subfield>
    <subfield code="w">2018-09-21</subfield>
    <subfield code="y">L</subfield>
  </datafield>
</record>