
<!--203-->
<record>
  <leader>00761nam a2200169   4500</leader>
  <controlfield tag="001">BIBLIOPAC-001670</controlfield>
  <controlfield tag="008">030701s1990    sp     f      000 0 spa  </controlfield>
  <datafield tag="082" ind1="1" ind2=" ">
    <subfield code="a">016.3337</subfield>
  </datafield>
  <datafield tag="090" ind1=" " ind2=" ">
    <subfield code="a">016.3337</subfield>
    <subfield code="b">I43</subfield>
  </datafield>
  <datafield tag="245" ind1="1" ind2="0">
    <subfield code="a">Información para la gestión ambiental : </subfield>
    <subfield code="b">directorio de especialistas latinoamericanos de Brasil y Chile : (versión preliminar) / </subfield>
    <subfield code="c">Comisión Económica para América Latina y el Caribe (CEPAL) y Centro Latinoamericano de Documentación Económica y Social (CLADES).</subfield>
  </datafield>
  <datafield tag="260" ind1=" " ind2=" ">
    <subfield code="a">Santiago de Chile : </subfield>
    <subfield code="b">CEPAL : </subfield>
  </datafield>
  <datafield tag="260" ind1=" " ind2=" ">
    <subfield code="b">CLADES, </subfield>
    <subfield code="c">1990.</subfield>
  </datafield>
  <datafield tag="300" ind1=" " ind2=" ">
    <subfield code="a">220 p.</subfield>
  </datafield>
  <datafield tag="500" ind1=" " ind2=" ">
    <subfield code="a">"LC/L.538/Add.1 - Especialistas de otros países latinoamericanos figuran en el documento LC/L.538."</subfield>
  </datafield>
  <datafield tag="650" ind1=" " ind2="4">
    <subfield code="a">Gestão ambiental</subfield>
    <subfield code="v">Diretórios.</subfield>
  </datafield>
  <datafield tag="942" ind1=" " ind2=" ">
    <subfield code="c">L</subfield>
  </datafield>
  <datafield tag="999" ind1=" " ind2=" ">
    <subfield code="c">8491</subfield>
    <subfield code="d">8491</subfield>
  </datafield>
  <datafield tag="952" ind1=" " ind2=" ">
    <subfield code="0">0</subfield>
    <subfield code="1">0</subfield>
    <subfield code="2">ddc</subfield>
    <subfield code="4">0</subfield>
    <subfield code="6">AM_016_333700000000000_I43</subfield>
    <subfield code="7">0</subfield>
    <subfield code="8">AM</subfield>
    <subfield code="9">11012</subfield>
    <subfield code="a">sdin</subfield>
    <subfield code="b">sdin</subfield>
    <subfield code="d">2016-11-23</subfield>
    <subfield code="l">0</subfield>
    <subfield code="o">AM 016.3337 I43</subfield>
    <subfield code="p">02-1549</subfield>
    <subfield code="r">2016-11-23</subfield>
    <subfield code="w">2016-11-23</subfield>
    <subfield code="y">L</subfield>
  </datafield>
</record>