
<!--204-->
<record>
  <leader>00810nam a2200193   4500</leader>
  <controlfield tag="001">BIBLIOPAC-000996</controlfield>
  <controlfield tag="008">030701n        bl     f      000 0 por  </controlfield>
  <datafield tag="082" ind1="1" ind2=" ">
    <subfield code="a">016.33375</subfield>
  </datafield>
  <datafield tag="090" ind1=" " ind2=" ">
    <subfield code="a">016.33375</subfield>
    <subfield code="b">H557r</subfield>
  </datafield>
  <datafield tag="100" ind1="1" ind2=" ">
    <subfield code="a">Hernandez de Caldas, Angela </subfield>
  </datafield>
  <datafield tag="245" ind1="1" ind2="0">
    <subfield code="a">Recursos naturales de la Amazonia a traves de su documentacion / </subfield>
    <subfield code="c">por Angela Hernández de Caldas, Martha Helena Giraldo Isaza, Gloria Chapeton de Ortiz ; con la asesoría de Beatriz Alzate Angel.</subfield>
  </datafield>
  <datafield tag="260" ind1=" " ind2=" ">
    <subfield code="a">Bogotá : </subfield>
    <subfield code="b">Corporación Nacional de Investigación y Fomento Forestal : </subfield>
  </datafield>
  <datafield tag="260" ind1=" " ind2=" ">
    <subfield code="b">DAINCO, Corporación Araracuara, </subfield>
    <subfield code="c">1983</subfield>
  </datafield>
  <datafield tag="300" ind1=" " ind2=" ">
    <subfield code="a">128 p. : </subfield>
    <subfield code="b">mapa</subfield>
  </datafield>
  <datafield tag="500" ind1=" " ind2=" ">
    <subfield code="a">"Contribución a la Segunda Expedición Botánica."</subfield>
  </datafield>
  <datafield tag="500" ind1=" " ind2=" ">
    <subfield code="a">Inclui índices.</subfield>
  </datafield>
  <datafield tag="650" ind1=" " ind2="0">
    <subfield code="a">Recursos naturais</subfield>
    <subfield code="z">Amazônia</subfield>
    <subfield code="v">Bibliografia.</subfield>
  </datafield>
  <datafield tag="942" ind1=" " ind2=" ">
    <subfield code="c">L</subfield>
  </datafield>
  <datafield tag="999" ind1=" " ind2=" ">
    <subfield code="c">7819</subfield>
    <subfield code="d">7819</subfield>
  </datafield>
  <datafield tag="952" ind1=" " ind2=" ">
    <subfield code="0">0</subfield>
    <subfield code="1">0</subfield>
    <subfield code="4">0</subfield>
    <subfield code="6">AM_016_333750000000000_H557R</subfield>
    <subfield code="7">0</subfield>
    <subfield code="8">AM</subfield>
    <subfield code="9">9914</subfield>
    <subfield code="a">sdin</subfield>
    <subfield code="b">sdin</subfield>
    <subfield code="d">2016-11-23</subfield>
    <subfield code="l">0</subfield>
    <subfield code="o">AM 016.33375 H557r</subfield>
    <subfield code="p">84-0639</subfield>
    <subfield code="r">2016-11-23</subfield>
    <subfield code="w">2016-11-23</subfield>
    <subfield code="y">L</subfield>
  </datafield>
  <datafield tag="952" ind1=" " ind2=" ">
    <subfield code="0">0</subfield>
    <subfield code="1">0</subfield>
    <subfield code="2">ddc</subfield>
    <subfield code="4">0</subfield>
    <subfield code="6">AM_016_333750000000000_H557R</subfield>
    <subfield code="7">0</subfield>
    <subfield code="8">AM</subfield>
    <subfield code="9">38995</subfield>
    <subfield code="a">sdin</subfield>
    <subfield code="b">sdin</subfield>
    <subfield code="d">2018-09-21</subfield>
    <subfield code="l">0</subfield>
    <subfield code="o">AM 016.33375 H557r</subfield>
    <subfield code="p">00-0899</subfield>
    <subfield code="r">2018-09-21</subfield>
    <subfield code="w">2018-09-21</subfield>
    <subfield code="y">L</subfield>
  </datafield>
  <datafield tag="952" ind1=" " ind2=" ">
    <subfield code="0">0</subfield>
    <subfield code="1">0</subfield>
    <subfield code="2">ddc</subfield>
    <subfield code="4">0</subfield>
    <subfield code="6">AM_016_333750000000000_H557R</subfield>
    <subfield code="7">0</subfield>
    <subfield code="8">AM</subfield>
    <subfield code="9">38996</subfield>
    <subfield code="a">sdin</subfield>
    <subfield code="b">sdin</subfield>
    <subfield code="d">2018-09-21</subfield>
    <subfield code="l">0</subfield>
    <subfield code="o">AM 016.33375 H557r</subfield>
    <subfield code="p">86-0066</subfield>
    <subfield code="r">2018-09-21</subfield>
    <subfield code="w">2018-09-21</subfield>
    <subfield code="y">L</subfield>
  </datafield>
</record>

</collection>
